@ARTICLE{9325533,  author={Liang, Ling and Xu, Jianyu and Deng, Lei and Yan, Mingyu and Hu, Xing and Zhang, Zheng and Li, Guoqi and Xie, Yuan},  journal={IEEE Journal of Selected Topics in Signal Processing},   title={Fast Search of the Optimal Contraction Sequence in Tensor Networks},   year={2021},  volume={15},  number={3},  pages={574-586},  doi={10.1109/JSTSP.2021.3051231}}
